<record><leader>00000cas a22000007a 4500</leader><controlfield tag="001">33352461</controlfield><controlfield tag="008">951024d184318uunyudn ne      0    0eng d</controlfield><datafield ind1=" " ind2=" " tag="010"><subfield code="a">sn 95068676 </subfield></datafield><datafield ind1=" " ind2=" " tag="040"><subfield code="a">MGN</subfield><subfield code="b">eng</subfield><subfield code="c">MGN</subfield><subfield code="d">OCLCQ</subfield></datafield><datafield ind1=" " ind2=" " tag="042"><subfield code="a">msc</subfield></datafield><datafield ind1="0" ind2="0" tag="245"><subfield code="a">Extra evening herald and tattler.</subfield></datafield><datafield ind1=" " ind2=" " tag="260"><subfield code="a">New York [N.Y.] :</subfield><subfield code="b">W. Draper &amp; J. Barton</subfield></datafield><datafield ind1=" " ind2=" " tag="300"><subfield code="a">v.</subfield></datafield><datafield ind1=" " ind2=" " tag="310"><subfield code="a">Daily (except Sun.)</subfield></datafield><datafield ind1="0" ind2=" " tag="362"><subfield code="a">New ser., v. 1, no. 156 (May 30, 1843)-</subfield></datafield><datafield ind1="0" ind2="7" tag="785"><subfield code="t">Evening herald (New York, N.Y. : 1840)</subfield></datafield><datafield ind1="0" ind2="7" tag="785"><subfield code="t">Evening tattler (New York, N.Y. : 1840)</subfield><subfield code="w">(DLC)sn 83030366</subfield></datafield></record>